@online{boe,
	author = {Ministerio de Sanidad, sevicios sociales e igualdad},
	title = {{Disposiciones generales} Boletin oficial del estado},
	year = 2012,
	url = {https://www.boe.es/boe/dias/2012/11/03/pdfs/BOE-A-2012-13647.pdf},
	urldate = {2015-05-14}
}
@online{mundo-10-barbaridad,
		author = {María Valerio},
		title = {Un 10 \% de las prótesis para un niño es una barbaridad},
		year = 2012,
		url = {http://www.elmundo.es/elmundosalud/2012/11/08/noticias/1352376757.html},
		urldate = {2015-05-14}
}
@online{abc-olvidados,
	author = {AGENCIA EFE S.A.},
	title = {Los amputados de España, los grandes abandonados de Europa en prótesis },
	year = 2013,
	url = {http://agencias.abc.es/agencias/noticia.asp?noticia=1508283},
	urldate = {2015-05-14}
}
@online{impacto-emocional,
	author = {Asociación de Usuarios de Prótesis y Ayudas Técnicas,
	Federación Española de Ortesistas y Protesistam,
	Core Research},
	title = {{El impacto emocional de la ayuda técnica} Informe de resultados },
	year = 2013,
	url = {http://www.coreresearch.es/pdf/rse_coreresearch.pdf},
	urldate = {2015-05-14}
}
@online{enable-myo,
	author = {Jennifer Owen},
	title = {{e-NABLING Myo Band Arm Control} Team UW Bothell},
	year = 2016,
	url = {http://enablingthefuture.org/2016/03/25/e-nabling-myo-band-arm-control-%E2%80%A2-team-uw-bothel},
	urldate = {2016-03-28}
}
@online{automail,
	author = {ThermoNuclearPanda},
	title = {{Project Automail} Mind machine interface},
	year = 2015,
	url = {https://github.com/ThermoNuclearPanda/Project_Automail},
	urldate = {2016-03-28}
}
@article{langevin2014inmoov,
 	title={InMoov-Open Source 3D printed life-size robot},
 	author={Langevin, G},
 	journaltitle={pp. URL: http://inmoov. fr, License: http://creativecommons. org/licenses/by--nc/3.0/legalcode},
 	year={2014}
}
@inproceedings{remenyi2015innovation,
  title={Innovation and entrepreneurship teaching excellence awards 2015: an anthology of case histories},
  author={Remenyi, Dan},
  year={2015},
  organization={Academic Conferences and Publishing International}
}
@inproceedings{medynski2011bebionic,
  title={Bebionic prosthetic design},
  author={Medynski, Courtney and Rattray, Bruce},
  year={2011},
  organization={Myoelectric Symposium}
}
@inproceedings{waryck2011comparison,
  title={Comparison of two myoelectric multi-articulating prosthetic hands},
  author={Waryck, Brian},
  year={2011},
  organization={Myoelectric Symposium}
}
@online{bebionicWeb,
	author = {RSLSteeper},
	title = {Bebionic},
	year = 2015,
	url = {http://bebionic.com},
	urldate = {2015-04}
}
@online{bebionicPrice,
        title =  {Latest BeBionic hand has stronger kung-fu grip},
        author = {Hornyak, Tim},
				journal = {CNET, CBS Interactive Inc},
				url = {http://www.cnet.com/news/latest-bebionic-hand-has-stronger-kung-fu-grip/}
 }
@article{scikit-learn,
	 title={Scikit-learn: Machine Learning in {P}ython},
	 author={Pedregosa, F. and Varoquaux, G. and Gramfort, A. and Michel, V.
	         and Thirion, B. and Grisel, O. and Blondel, M. and Prettenhofer, P.
	         and Weiss, R. and Dubourg, V. and Vanderplas, J. and Passos, A. and
	         Cournapeau, D. and Brucher, M. and Perrot, M. and Duchesnay, E.},
	 journal={Journal of Machine Learning Research},
	 volume={12},
	 pages={2825--2830},
	 year={2011}
}
@online{scikit-learn-empresas,
	author = {SciKit-learn},
	title = {Who is using scikit-learn?},
	url = {http://scikit-learn.org/stable/testimonials/testimonials.html#who-is-using-scikit-learn}
}
@online{myo-close,
	author = {Gabe Stein},
	title = {Why Isn't The MYO Armband Open Source?},
	url = {http://www.fastcompany.com/3013885/why-isnt-the-myo-armband-open-source},
	journal = {Fast Company & Inc},
	urldate = {2013-07-03}
}
@online{myo-raw,
	author = {Dzhu},
	title = {{Myo-raw} Interface to communicate with the Thalmic Myo},
	url = {https://github.com/dzhu/myo-raw}
}
@online{printrun,
		author = {Kilment},
		title = {{Pronterface, Pronsole, and Printcore} Pure Python 3d printing host software},
		url = {https://github.com/kliment/Printrun}
}
@online{arduino-software,
		author = {Arduino LLC},
		title = {Arduino Software},
		url = {https://www.arduino.cc/en/Main/Software}
}
@online{myo-specs,
		author = {Thalmic Labs Inc.},
		title = {Tech Specifications},
		url = {https://www.myo.com/techspecs}
}
@article{abduo2015myo,
  title={Myo Gesture Control Armband for Medical Applications},
  author={Abduo, Mahmoud and Galster, Matthias},
  year={2015}
}
@online{motorshield,
		author = {Adafruit Industries, LLC},
		title = {Adafruit Motor Shield V2.3 Overview},
		url = {https://learn.adafruit.com/adafruit-motor-shield-v2-for-arduino}
}
@online{prusa1,
			author = {RepRapWiki},
			title = {Prusa i3},
			url = {reprap.org/wiki/Prusa_i3}
}
@online{prusa2,
		author = {RepRap Wiki},
		title = {Clone wars: Prusa iteración 3},
			url = {http://reprap.org/wiki/Clone_wars}
}
@online{arduino-intro,
		author = {Arduino LLC},
		title = {What is Arduino?},
		url = {https://www.arduino.cc/en/Guide/Introduction}
}
@online{Cura,
		author = {Ultimaker B.V.},
		title = {Cura and 3D printing made for each other},
		url = {https://ultimaker.com/en/products/cura-software}
}

@online{hsv,
		author = {OpenCV dev team},
		title = {Changing colorspace},
		url = {http://docs.opencv.org/3.0-beta/doc/py_tutorials/py_imgproc/py_colorspaces/py_colorspaces.html}
}

@online{gaussian-blur,
		author = {OpenCV dev team},
		title = {Image Filtering},
		url = {http://docs.opencv.org/2.4/modules/imgproc/doc/filtering.html}
}

@unpublished{Goodfellow-et-al-2016-Book,
    title={Deep Learning},
    author={Ian Goodfellow Yoshua Bengio and Aaron Courville},
    note={Book in preparation for MIT Press},
    url={http://www.deeplearningbook.org},
    year={2016}
}

@article{NovikovPOV15,
  author    = {Alexander Novikov and
               Dmitry Podoprikhin and
               Anton Osokin and
               Dmitry P. Vetrov},
  title     = {Tensorizing Neural Networks},
  journal   = {CoRR},
  volume    = {abs/1509.06569},
  year      = {2015},
  url       = {http://arxiv.org/abs/1509.06569},
  timestamp = {Wed, 30 Mar 2016 23:40:00 +0200},
  biburl    = {http://dblp.uni-trier.de/rec/bib/journals/corr/NovikovPOV15},
  bibsource = {dblp computer science bibliography, http://dblp.org}
}


@online{TallerRepRap,
  author = {Viejo Hernando, Diego },
  title = {Taller RepRap UA},
  url = {http://web.ua.es/es/dccia/tallerreprap/enero-febrero-2014.html}
}

@online{nonlinearities,
		author = {Lasagne contributors},
		title = {Lasagne nonlinearities},
		url = {http://lasagne.readthedocs.io/en/latest/modules/nonlinearities.html}
}

@article{mitchell1997machine,
  title={Machine learning. 1997},
  author={Mitchell, Tom M},
  journal={Burr Ridge, IL: McGraw Hill},
  volume={45},
  pages={37},
  year={1997}
}

@article{xu2010l1,
  title={L1/2 regularization},
  author={Xu, ZongBen and Zhang, Hai and Wang, Yao and Chang, XiangYu and Liang, Yong},
  journal={Science China Information Sciences},
  volume={53},
  number={6},
  pages={1159--1169},
  year={2010},
  publisher={Springer}
}

@article{JMLR:v15:srivastava14a,
  author  = {Nitish Srivastava and Geoffrey Hinton and Alex Krizhevsky and Ilya Sutskever and Ruslan Salakhutdinov},
  title   = {Dropout: A Simple Way to Prevent Neural Networks from Overfitting},
  journal = {Journal of Machine Learning Research},
  year    = {2014},
  volume  = {15},
  pages   = {1929-1958},
  url     = {http://jmlr.org/papers/v15/srivastava14a.html}
}

@article{DBLP:journals/corr/abs-1206-5538,
  author    = {Yoshua Bengio and
               Aaron C. Courville and
               Pascal Vincent},
  title     = {Unsupervised Feature Learning and Deep Learning: {A} Review and New
               Perspectives},
  journal   = {CoRR},
  volume    = {abs/1206.5538},
  year      = {2012},
  url       = {http://arxiv.org/abs/1206.5538},
  timestamp = {Wed, 10 Oct 2012 21:28:53 +0200},
  biburl    = {http://dblp.uni-trier.de/rec/bib/journals/corr/abs-1206-5538},
  bibsource = {dblp computer science bibliography, http://dblp.org}
}

@article{riesenhuber1999hierarchical,
  title={Hierarchical models of object recognition in cortex},
  author={Riesenhuber, Maximilian and Poggio, Tomaso},
  journal={Nature neuroscience},
  volume={2},
  number={11},
  pages={1019--1025},
  year={1999},
  publisher={Nature Publishing Group}
}

@inproceedings{glorot2010understanding,
  title={Understanding the difficulty of training deep feedforward neural networks.},
  author={Glorot, Xavier and Bengio, Yoshua},
  booktitle={Aistats},
  volume={9},
  pages={249--256},
  year={2010}
}


@online{glorot-lasagne,
		author = {Lasagne contributors},
		title = {Lasagne Initializers},
		url = {https://lasagne.readthedocs.io/en/latest/modules/init.html#lasagne.init.Glorot}
}


@misc{krizhevsky2009learning,
  title={Learning multiple layers of features from tiny images},
  author={Krizhevsky, Alex and Hinton, Geoffrey},
  year={2009},
  publisher={Citeseer}
}

@misc{lecun1998mnist,
  title={The MNIST database of handwritten digits},
  author={LeCun, Yann and Cortes, Corinna and Burges, Christopher JC},
  year={1998}
}

@misc{netzer2011reading,
  title={Reading digits in natural images with unsupervised feature learning},
  author={Netzer, Yuval and Wang, Tao and Coates, Adam and Bissacco, Alessandro and Wu, Bo and Ng, Andrew Y},
  year={2011}
}


@online{openbionics-downloads,
		author = {Joel Gibbard},
		title = {OpenBionics Downloads},
		url = {http://www.openhandproject.org/downloads.php}
}


@online{dextrus-instructions,
		author = {Joel Gibbard},
		title = {Dextrus v1.1 Robotic Hand},
		url = {http://www.instructables.com/id/Dextrus-v11-Robotic-Hand/}
}

@online{power-pc,
		author = {RepRap.org},
		title = {PC power supply},
		url = {http://reprap.org/wiki/PC_Power_Supply#Modifying_a_PC_Power_Supply_for_general_.28RepRap.29_Usage}
}

@misc{theano-based-projects,
  title={Theano based projects},
  author={Theano Development Teamker},
  year={2016},
  publisher={GitHub},
  howpublished={\url{https://github.com/Theano/Theano/wiki/Related-projects}}
}

@misc{lasagne,
  title={Lasagne},
  author={Dieleman, Sander},
  year={2014},
  publisher={GitHub},
  howpublished={\url{https://github.com/Lasagne/Lasagne}}
}

@misc{theano,
  title={Theano at a glance},
  author={Theano developer team},
  year={2014},
  publisher={Deeplearning},
  howpublished={\url{http://deeplearning.net/software/theano/introduction.html}}
}

@misc{nolearn,
  title={Nolearn: scikit-learn compatible neural network library},
  author={Daniel Nouri},
  year={2014},
  publisher={Github},
  howpublished={\url{https://github.com/dnouri/nolearn}}
}


@misc{raspberry-pi,
  title={Getting started with Raspberry Pi},
  author={Raspberry Pi Foundation},
  publisher={respberrypy.org},
  howpublished={\url{https://www.raspberrypi.org/learning/getting-started-with-raspberry-pi-lesson/lesson-1/plan/}}
}


@misc{bsd,
  title={The BSD 3-Clause License},
  author={Open Source Initiative},
  publisher={opensource.org},
  howpublished={\url{https://opensource.org/licenses/BSD-3-Clause}}
}



@misc{opencv-python,
  title={OpenCV-Python Tutorials},
  author={Mordvintsev, Alexander  and Abid K.},
  publisher={opencv-python-tutroals.readthedocs.io},
  howpublished={\url{https://opencv-python-tutroals.readthedocs.io/en/latest/index.html}}
}


@misc{opencv,
  title={OpenCV},
  author={Alexander Alekhin},
  publisher={GitHub},
  howpublished={\url{https://github.com/opencv/opencv/wiki
}}
}

@article{emg,
  title={Techniques of EMG signal analysis: detection, processing, classification and applications},
  author={Reaz, MBI and Hussain, MS and Mohd-Yasin, Faisal},
  journal={Biological procedures online},
  volume={8},
  number={1},
  pages={11--35},
  year={2006}
}
